<record><leader>00000cas a22000007a 4500</leader><controlfield tag="001">10882158</controlfield><controlfield tag="008">840625d18731875iaudn ne      0    0eng d</controlfield><datafield ind1=" " ind2=" " tag="010"><subfield code="a">sn 84027109 </subfield></datafield><datafield ind1=" " ind2=" " tag="040"><subfield code="a">NPU</subfield><subfield code="b">eng</subfield><subfield code="c">NPU</subfield><subfield code="d">NPX</subfield><subfield code="d">INP</subfield><subfield code="d">OCLCQ</subfield></datafield><datafield ind1=" " ind2=" " tag="042"><subfield code="a">msc</subfield></datafield><datafield ind1="0" ind2="0" tag="245"><subfield code="a">Daily Iowa State leader.</subfield></datafield><datafield ind1="3" ind2="0" tag="246"><subfield code="a">Iowa daily state leader</subfield></datafield><datafield ind1="3" ind2="0" tag="246"><subfield code="a">Iowa State leader</subfield></datafield><datafield ind1="1" ind2="3" tag="246"><subfield code="a">State leader</subfield></datafield><datafield ind1=" " ind2=" " tag="260"><subfield code="a">Des Moines, Iowa :</subfield><subfield code="b">W.W. Witmer,</subfield><subfield code="c">1873-1875.</subfield></datafield><datafield ind1=" " ind2=" " tag="300"><subfield code="a">v.</subfield></datafield><datafield ind1=" " ind2=" " tag="310"><subfield code="a">Daily (except Sunday)</subfield></datafield><datafield ind1="0" ind2=" " tag="362"><subfield code="a">Apr. 8, 1873-Dec. 31, 1875.</subfield></datafield><datafield ind1=" " ind2=" " tag="500"><subfield code="a">Recorded in reference source as: Iowa State leader. Cf. bibliography of Iowa newspapers.</subfield></datafield><datafield ind1=" " ind2=" " tag="500"><subfield code="a">"Daily" appears within title ornament.</subfield></datafield><datafield ind1=" " ind2=" " tag="500"><subfield code="a">Publisher varies.</subfield></datafield><datafield ind1=" " ind2=" " tag="752"><subfield code="a">United States</subfield><subfield code="b">Iowa</subfield><subfield code="c">Polk</subfield><subfield code="d">Des Moines.</subfield></datafield><datafield ind1="0" ind2=" " tag="775"><subfield code="t">Iowa State leader (Des Moines, Iowa : 1870)</subfield><subfield code="w">(DLC)sn 82014473</subfield></datafield><datafield ind1="0" ind2="0" tag="780"><subfield code="t">Iowa state leader (Des Moines, Iowa : 1872)</subfield><subfield code="w">(DLC)sn 87057129</subfield></datafield><datafield ind1="0" ind2="0" tag="785"><subfield code="t">Iowa state leader (Des Moines, Iowa : 1876)</subfield><subfield code="w">(DLC)sn 85049889</subfield></datafield><datafield ind1="1" ind2=" " tag="029"><subfield code="a">AU@</subfield><subfield code="b">000025787469</subfield></datafield></record>